%YAML 1.1
%TAG !u! tag:unity3d.com,2011:
--- !u!241 &24100000
AudioMixerController:
  m_ObjectHideFlags: 0
  m_CorrespondingSourceObject: {fileID: 0}
  m_PrefabInstance: {fileID: 0}
  m_PrefabAsset: {fileID: 0}
  m_Name: Mixer
  m_OutputGroup: {fileID: 0}
  m_MasterGroup: {fileID: 24300002}
  m_Snapshots:
  - {fileID: 24500006}
  m_StartSnapshot: {fileID: 24500006}
  m_SuspendThreshold: -80
  m_EnableSuspend: 1
  m_UpdateMode: 0
  m_ExposedParameters:
  - guid: 774b67b5b49e2ea4684d361fc43f4471
    name: musicVol
  - guid: b076ab16e171fda4288682a0d81337fc
    name: soundVol
  m_AudioMixerGroupViews:
  - guids:
    - 124b46f371dd32a409ad017a7c7c1e00
    - 85d72db2e1427394abff5c8e59803313
    - 5ebc6604fb123d547a1603ffa001d056
    name: View
  m_CurrentViewIndex: 0
  m_TargetSnapshot: {fileID: 24500006}
--- !u!243 &24300002
AudioMixerGroupController:
  m_ObjectHideFlags: 0
  m_CorrespondingSourceObject: {fileID: 0}
  m_PrefabInstance: {fileID: 0}
  m_PrefabAsset: {fileID: 0}
  m_Name: Master
  m_AudioMixer: {fileID: 24100000}
  m_GroupID: 124b46f371dd32a409ad017a7c7c1e00
  m_Children:
  - {fileID: 243155693350318878}
  - {fileID: 243789876148005244}
  m_Volume: 488076c13f386bc40a7d30e36e7179f2
  m_Pitch: b6b1b3d3012edd840ad67e9bb12ea67d
  m_Effects:
  - {fileID: 24400004}
  m_UserColorIndex: 0
  m_Mute: 0
  m_Solo: 0
  m_BypassEffects: 0
--- !u!244 &24400004
AudioMixerEffectController:
  m_ObjectHideFlags: 3
  m_CorrespondingSourceObject: {fileID: 0}
  m_PrefabInstance: {fileID: 0}
  m_PrefabAsset: {fileID: 0}
  m_Name: 
  m_EffectID: 864292395cd78b24ebd3d976aed8f97b
  m_EffectName: Attenuation
  m_MixLevel: ea624a7ff96570a4994b92b8a8a0ce21
  m_Parameters: []
  m_SendTarget: {fileID: 0}
  m_EnableWetMix: 0
  m_Bypass: 0
--- !u!245 &24500006
AudioMixerSnapshotController:
  m_ObjectHideFlags: 0
  m_CorrespondingSourceObject: {fileID: 0}
  m_PrefabInstance: {fileID: 0}
  m_PrefabAsset: {fileID: 0}
  m_Name: Snapshot
  m_AudioMixer: {fileID: 24100000}
  m_SnapshotID: 1abbbedd644ff184f985cf1e9969cd9d
  m_FloatValues: {}
  m_TransitionOverrides: {}
--- !u!243 &243155693350318878
AudioMixerGroupController:
  m_ObjectHideFlags: 0
  m_CorrespondingSourceObject: {fileID: 0}
  m_PrefabInstance: {fileID: 0}
  m_PrefabAsset: {fileID: 0}
  m_Name: Music
  m_AudioMixer: {fileID: 24100000}
  m_GroupID: 85d72db2e1427394abff5c8e59803313
  m_Children: []
  m_Volume: 774b67b5b49e2ea4684d361fc43f4471
  m_Pitch: 442a979e6ffaeb64c83a0be3083f4601
  m_Effects:
  - {fileID: 244069037981833204}
  m_UserColorIndex: 0
  m_Mute: 0
  m_Solo: 0
  m_BypassEffects: 0
--- !u!243 &243789876148005244
AudioMixerGroupController:
  m_ObjectHideFlags: 0
  m_CorrespondingSourceObject: {fileID: 0}
  m_PrefabInstance: {fileID: 0}
  m_PrefabAsset: {fileID: 0}
  m_Name: Sounds
  m_AudioMixer: {fileID: 24100000}
  m_GroupID: 5ebc6604fb123d547a1603ffa001d056
  m_Children: []
  m_Volume: b076ab16e171fda4288682a0d81337fc
  m_Pitch: a27fefd9ba00a0d4486722b389d1c9ab
  m_Effects:
  - {fileID: 244660539978612074}
  m_UserColorIndex: 0
  m_Mute: 0
  m_Solo: 0
  m_BypassEffects: 0
--- !u!244 &244069037981833204
AudioMixerEffectController:
  m_ObjectHideFlags: 3
  m_CorrespondingSourceObject: {fileID: 0}
  m_PrefabInstance: {fileID: 0}
  m_PrefabAsset: {fileID: 0}
  m_Name: 
  m_EffectID: 827e7a1a596e58c4d816bfb152f0cb10
  m_EffectName: Attenuation
  m_MixLevel: 7e06ad1fae1b2f9448c359486058b461
  m_Parameters: []
  m_SendTarget: {fileID: 0}
  m_EnableWetMix: 0
  m_Bypass: 0
--- !u!244 &244660539978612074
AudioMixerEffectController:
  m_ObjectHideFlags: 3
  m_CorrespondingSourceObject: {fileID: 0}
  m_PrefabInstance: {fileID: 0}
  m_PrefabAsset: {fileID: 0}
  m_Name: 
  m_EffectID: cef3241b879e36442bea32484645b76a
  m_EffectName: Attenuation
  m_MixLevel: d53e6d3979d59ac4e9999c2e2254c22c
  m_Parameters: []
  m_SendTarget: {fileID: 0}
  m_EnableWetMix: 0
  m_Bypass: 0
