%YAML 1.1
%TAG !u! tag:unity3d.com,2011:
--- !u!1 &624515935802542777
GameObject:
  m_ObjectHideFlags: 0
  m_CorrespondingSourceObject: {fileID: 0}
  m_PrefabInstance: {fileID: 0}
  m_PrefabAsset: {fileID: 0}
  serializedVersion: 6
  m_Component:
  - component: {fileID: 495787590207012514}
  - component: {fileID: 7164467545456775824}
  - component: {fileID: 435107378920718678}
  m_Layer: 0
  m_Name: Debris
  m_TagString: Untagged
  m_Icon: {fileID: 0}
  m_NavMeshLayer: 0
  m_StaticEditorFlags: 0
  m_IsActive: 1
--- !u!4 &495787590207012514
Transform:
  m_ObjectHideFlags: 0
  m_CorrespondingSourceObject: {fileID: 0}
  m_PrefabInstance: {fileID: 0}
  m_PrefabAsset: {fileID: 0}
  m_GameObject: {fileID: 624515935802542777}
  m_LocalRotation: {x: 0, y: 0, z: 0, w: 1}
  m_LocalPosition: {x: 0.04, y: 0.22, z: 0}
  m_LocalScale: {x: 6.5, y: 4, z: 4}
  m_Children: []
  m_Father: {fileID: 7522777717408581875}
  m_RootOrder: 2
  m_LocalEulerAnglesHint: {x: 0, y: 0, z: 0}
--- !u!212 &7164467545456775824
SpriteRenderer:
  m_ObjectHideFlags: 0
  m_CorrespondingSourceObject: {fileID: 0}
  m_PrefabInstance: {fileID: 0}
  m_PrefabAsset: {fileID: 0}
  m_GameObject: {fileID: 624515935802542777}
  m_Enabled: 0
  m_CastShadows: 0
  m_ReceiveShadows: 0
  m_DynamicOccludee: 1
  m_MotionVectors: 1
  m_LightProbeUsage: 1
  m_ReflectionProbeUsage: 1
  m_RenderingLayerMask: 1
  m_RendererPriority: 0
  m_Materials:
  - {fileID: 10754, guid: 0000000000000000f000000000000000, type: 0}
  m_StaticBatchInfo:
    firstSubMesh: 0
    subMeshCount: 0
  m_StaticBatchRoot: {fileID: 0}
  m_ProbeAnchor: {fileID: 0}
  m_LightProbeVolumeOverride: {fileID: 0}
  m_ScaleInLightmap: 1
  m_PreserveUVs: 0
  m_IgnoreNormalsForChartDetection: 0
  m_ImportantGI: 0
  m_StitchLightmapSeams: 0
  m_SelectedEditorRenderState: 0
  m_MinimumChartSize: 4
  m_AutoUVMaxDistance: 0.5
  m_AutoUVMaxAngle: 89
  m_LightmapParameters: {fileID: 0}
  m_SortingLayerID: -1821148843
  m_SortingLayer: 1
  m_SortingOrder: 6
  m_Sprite: {fileID: 21300000, guid: 6480028ad8ca558428b552f0f42241ef, type: 3}
  m_Color: {r: 1, g: 1, b: 1, a: 1}
  m_FlipX: 0
  m_FlipY: 0
  m_DrawMode: 0
  m_Size: {x: 5.12, y: 5.12}
  m_AdaptiveModeThreshold: 0.5
  m_SpriteTileMode: 0
  m_WasSpriteAssigned: 1
  m_MaskInteraction: 0
  m_SpriteSortPoint: 0
--- !u!114 &435107378920718678
MonoBehaviour:
  m_ObjectHideFlags: 0
  m_CorrespondingSourceObject: {fileID: 0}
  m_PrefabInstance: {fileID: 0}
  m_PrefabAsset: {fileID: 0}
  m_GameObject: {fileID: 624515935802542777}
  m_Enabled: 1
  m_EditorHideFlags: 0
  m_Script: {fileID: 11500000, guid: 9ceb9432a7d3b1a4a88284e94dcafa6b, type: 3}
  m_Name: 
  m_EditorClassIdentifier: 
  spriteRenderer: {fileID: 7164467545456775824}
  sprites:
  - {fileID: 21300000, guid: 79f196160ba92d843a91529a1236ab06, type: 3}
  - {fileID: 21300000, guid: 1f912ecedec6137468e768c8a5dee05d, type: 3}
  - {fileID: 21300000, guid: 5f8b0327b4bd7b54695e5038fa13a2da, type: 3}
  - {fileID: 21300000, guid: 50779693635c7a7458d17ccdc9c4387a, type: 3}
  - {fileID: 21300000, guid: 3c247873c47c07949b6e161a5eb9ea40, type: 3}
  - {fileID: 21300000, guid: 1d72a0fee37a713479885e9f26819a4b, type: 3}
  - {fileID: 21300000, guid: 6480028ad8ca558428b552f0f42241ef, type: 3}
  - {fileID: 21300000, guid: 49b5ea641fcf6104a8cc30f732f941b6, type: 3}
  - {fileID: 21300000, guid: 71e84c9072bb1134fbb065ae4e824602, type: 3}
  - {fileID: 21300000, guid: f42861a9201cd914f9fd791f37d44a0b, type: 3}
  - {fileID: 21300000, guid: 68de714dfb109594eb4bf81367143cf4, type: 3}
  - {fileID: 21300000, guid: 3cc8e38ae9e381542b043355920bf3f9, type: 3}
  - {fileID: 21300000, guid: 841fbf00da9fc37419fa3f8fd1e00518, type: 3}
  - {fileID: 21300000, guid: 85188f7dab8574642b7415e8e5ba8e11, type: 3}
  - {fileID: 21300000, guid: 7157c1126e85f6c48bcf36b97df1ab1d, type: 3}
  nextEffect: {fileID: 0}
  fps: 24
  destroy: 0
  repeatTimes: 0
  loop: 0
  playOnAwake: 0
  random: 0
  shake: 0
  source: {fileID: 0}
  randomClip: 0
  clips: []
  randomPitch: 0
  pitch: {x: 0, y: 0}
--- !u!1 &770970919569043710
GameObject:
  m_ObjectHideFlags: 0
  m_CorrespondingSourceObject: {fileID: 0}
  m_PrefabInstance: {fileID: 0}
  m_PrefabAsset: {fileID: 0}
  serializedVersion: 6
  m_Component:
  - component: {fileID: 2092014647427916762}
  - component: {fileID: 7307445722748224866}
  - component: {fileID: 6625053702960942064}
  m_Layer: 0
  m_Name: Light
  m_TagString: Untagged
  m_Icon: {fileID: 0}
  m_NavMeshLayer: 0
  m_StaticEditorFlags: 0
  m_IsActive: 1
--- !u!4 &2092014647427916762
Transform:
  m_ObjectHideFlags: 0
  m_CorrespondingSourceObject: {fileID: 0}
  m_PrefabInstance: {fileID: 0}
  m_PrefabAsset: {fileID: 0}
  m_GameObject: {fileID: 770970919569043710}
  m_LocalRotation: {x: -0, y: -0, z: -0, w: 1}
  m_LocalPosition: {x: 0, y: -0.29, z: 0}
  m_LocalScale: {x: 5.2904744, y: 5.2904744, z: 5.2904744}
  m_Children: []
  m_Father: {fileID: 7522777717408581875}
  m_RootOrder: 0
  m_LocalEulerAnglesHint: {x: 0, y: 0, z: 0}
--- !u!212 &7307445722748224866
SpriteRenderer:
  m_ObjectHideFlags: 0
  m_CorrespondingSourceObject: {fileID: 0}
  m_PrefabInstance: {fileID: 0}
  m_PrefabAsset: {fileID: 0}
  m_GameObject: {fileID: 770970919569043710}
  m_Enabled: 1
  m_CastShadows: 0
  m_ReceiveShadows: 0
  m_DynamicOccludee: 1
  m_MotionVectors: 1
  m_LightProbeUsage: 1
  m_ReflectionProbeUsage: 1
  m_RenderingLayerMask: 1
  m_RendererPriority: 0
  m_Materials:
  - {fileID: 10754, guid: 0000000000000000f000000000000000, type: 0}
  m_StaticBatchInfo:
    firstSubMesh: 0
    subMeshCount: 0
  m_StaticBatchRoot: {fileID: 0}
  m_ProbeAnchor: {fileID: 0}
  m_LightProbeVolumeOverride: {fileID: 0}
  m_ScaleInLightmap: 1
  m_PreserveUVs: 0
  m_IgnoreNormalsForChartDetection: 0
  m_ImportantGI: 0
  m_StitchLightmapSeams: 0
  m_SelectedEditorRenderState: 0
  m_MinimumChartSize: 4
  m_AutoUVMaxDistance: 0.5
  m_AutoUVMaxAngle: 89
  m_LightmapParameters: {fileID: 0}
  m_SortingLayerID: 442049061
  m_SortingLayer: -1
  m_SortingOrder: 50
  m_Sprite: {fileID: 21300000, guid: 0e14e0390c648314da604f19faf7289f, type: 3}
  m_Color: {r: 1, g: 0.3445738, b: 0, a: 0.29803923}
  m_FlipX: 0
  m_FlipY: 0
  m_DrawMode: 0
  m_Size: {x: 2.56, y: 2.56}
  m_AdaptiveModeThreshold: 0.5
  m_SpriteTileMode: 0
  m_WasSpriteAssigned: 1
  m_MaskInteraction: 0
  m_SpriteSortPoint: 0
--- !u!114 &6625053702960942064
MonoBehaviour:
  m_ObjectHideFlags: 0
  m_CorrespondingSourceObject: {fileID: 0}
  m_PrefabInstance: {fileID: 0}
  m_PrefabAsset: {fileID: 0}
  m_GameObject: {fileID: 770970919569043710}
  m_Enabled: 1
  m_EditorHideFlags: 0
  m_Script: {fileID: 11500000, guid: 32f3b6f0b1902f6489835e5bf89686e9, type: 3}
  m_Name: 
  m_EditorClassIdentifier: 
  alphaCurve:
    serializedVersion: 2
    m_Curve:
    - serializedVersion: 3
      time: 0
      value: 1
      inSlope: -0.007019788
      outSlope: -0.007019788
      tangentMode: 0
      weightedMode: 0
      inWeight: 0
      outWeight: 0.2810673
    - serializedVersion: 3
      time: 0.49783325
      value: 0.64675456
      inSlope: -0.0030616224
      outSlope: -0.0030616224
      tangentMode: 34
      weightedMode: 0
      inWeight: 0.33333334
      outWeight: 0.33333334
    - serializedVersion: 3
      time: 1
      value: 1
      inSlope: 0.0057895407
      outSlope: 0.0057895407
      tangentMode: 0
      weightedMode: 0
      inWeight: 0.34079266
      outWeight: 0.33333334
    - serializedVersion: 3
      time: 1.3930416
      value: 0.7498796
      inSlope: 0
      outSlope: 0
      tangentMode: 0
      weightedMode: 0
      inWeight: 0
      outWeight: 0
    - serializedVersion: 3
      time: 1.7650902
      value: 0.88158363
      inSlope: 0
      outSlope: 0
      tangentMode: 0
      weightedMode: 0
      inWeight: 0
      outWeight: 0
    - serializedVersion: 3
      time: 2.226073
      value: 0.6891582
      inSlope: 0
      outSlope: 0
      tangentMode: 0
      weightedMode: 0
      inWeight: 0
      outWeight: 0
    - serializedVersion: 3
      time: 2.5694873
      value: 0.9225287
      inSlope: 0
      outSlope: 0
      tangentMode: 0
      weightedMode: 0
      inWeight: 0
      outWeight: 0
    - serializedVersion: 3
      time: 2.9963481
      value: 0.6045614
      inSlope: 0
      outSlope: 0
      tangentMode: 0
      weightedMode: 0
      inWeight: 0
      outWeight: 0
    - serializedVersion: 3
      time: 3.5
      value: 1
      inSlope: 0
      outSlope: 0
      tangentMode: 0
      weightedMode: 0
      inWeight: 0
      outWeight: 0
    m_PreInfinity: 1
    m_PostInfinity: 1
    m_RotationOrder: 4
  alphaMultiplier: 0.69
  timeSpeed: 0.5
  highlighterType: 1
--- !u!1 &3548443582383131919
GameObject:
  m_ObjectHideFlags: 0
  m_CorrespondingSourceObject: {fileID: 0}
  m_PrefabInstance: {fileID: 0}
  m_PrefabAsset: {fileID: 0}
  serializedVersion: 6
  m_Component:
  - component: {fileID: 6183965617350736086}
  - component: {fileID: 4457449942765937906}
  - component: {fileID: 1364372749211188876}
  m_Layer: 0
  m_Name: Smoke
  m_TagString: Untagged
  m_Icon: {fileID: 0}
  m_NavMeshLayer: 0
  m_StaticEditorFlags: 0
  m_IsActive: 1
--- !u!4 &6183965617350736086
Transform:
  m_ObjectHideFlags: 0
  m_CorrespondingSourceObject: {fileID: 0}
  m_PrefabInstance: {fileID: 0}
  m_PrefabAsset: {fileID: 0}
  m_GameObject: {fileID: 3548443582383131919}
  m_LocalRotation: {x: 0, y: 0, z: 0, w: 1}
  m_LocalPosition: {x: 0, y: 0.8, z: 0}
  m_LocalScale: {x: 3, y: 3, z: 3}
  m_Children: []
  m_Father: {fileID: 7522777717408581875}
  m_RootOrder: 1
  m_LocalEulerAnglesHint: {x: 0, y: 0, z: 0}
--- !u!212 &4457449942765937906
SpriteRenderer:
  m_ObjectHideFlags: 0
  m_CorrespondingSourceObject: {fileID: 0}
  m_PrefabInstance: {fileID: 0}
  m_PrefabAsset: {fileID: 0}
  m_GameObject: {fileID: 3548443582383131919}
  m_Enabled: 0
  m_CastShadows: 0
  m_ReceiveShadows: 0
  m_DynamicOccludee: 1
  m_MotionVectors: 1
  m_LightProbeUsage: 1
  m_ReflectionProbeUsage: 1
  m_RenderingLayerMask: 1
  m_RendererPriority: 0
  m_Materials:
  - {fileID: 10754, guid: 0000000000000000f000000000000000, type: 0}
  m_StaticBatchInfo:
    firstSubMesh: 0
    subMeshCount: 0
  m_StaticBatchRoot: {fileID: 0}
  m_ProbeAnchor: {fileID: 0}
  m_LightProbeVolumeOverride: {fileID: 0}
  m_ScaleInLightmap: 1
  m_PreserveUVs: 0
  m_IgnoreNormalsForChartDetection: 0
  m_ImportantGI: 0
  m_StitchLightmapSeams: 0
  m_SelectedEditorRenderState: 0
  m_MinimumChartSize: 4
  m_AutoUVMaxDistance: 0.5
  m_AutoUVMaxAngle: 89
  m_LightmapParameters: {fileID: 0}
  m_SortingLayerID: -1821148843
  m_SortingLayer: 1
  m_SortingOrder: 5
  m_Sprite: {fileID: 21300000, guid: 93a709c0771944648992419be931d5fe, type: 3}
  m_Color: {r: 1, g: 1, b: 1, a: 1}
  m_FlipX: 0
  m_FlipY: 0
  m_DrawMode: 0
  m_Size: {x: 5.12, y: 5.12}
  m_AdaptiveModeThreshold: 0.5
  m_SpriteTileMode: 0
  m_WasSpriteAssigned: 1
  m_MaskInteraction: 0
  m_SpriteSortPoint: 0
--- !u!114 &1364372749211188876
MonoBehaviour:
  m_ObjectHideFlags: 0
  m_CorrespondingSourceObject: {fileID: 0}
  m_PrefabInstance: {fileID: 0}
  m_PrefabAsset: {fileID: 0}
  m_GameObject: {fileID: 3548443582383131919}
  m_Enabled: 1
  m_EditorHideFlags: 0
  m_Script: {fileID: 11500000, guid: 9ceb9432a7d3b1a4a88284e94dcafa6b, type: 3}
  m_Name: 
  m_EditorClassIdentifier: 
  spriteRenderer: {fileID: 4457449942765937906}
  sprites:
  - {fileID: 21300000, guid: 2fcf03f2bd54bb749969fcdb39d7cb38, type: 3}
  - {fileID: 21300000, guid: 58e367b6cd79c454b89e800f40803efc, type: 3}
  - {fileID: 21300000, guid: 47ff729af23dfd74a9f741137a0f9983, type: 3}
  - {fileID: 21300000, guid: 2e324dab4b05a1d4a92370cefe1d1833, type: 3}
  - {fileID: 21300000, guid: 81dd3f5f20493324f9b7baa97ba93bbd, type: 3}
  - {fileID: 21300000, guid: e2caab0ab11725142ba4c0fd218af761, type: 3}
  - {fileID: 21300000, guid: 459b9fa4f4b67684a9323593f28d544e, type: 3}
  - {fileID: 21300000, guid: 8568e01403270ff4291c52744409324f, type: 3}
  - {fileID: 21300000, guid: 93a709c0771944648992419be931d5fe, type: 3}
  - {fileID: 21300000, guid: 4121e9ad8b2f277438f8315b6c6a0936, type: 3}
  - {fileID: 21300000, guid: 90bce53e9dde60745b45b56e2386c798, type: 3}
  - {fileID: 21300000, guid: acf25ad857609854a8197afe834d8bb8, type: 3}
  - {fileID: 21300000, guid: 67553a037efa2564ca6f625d2eb3f38d, type: 3}
  - {fileID: 21300000, guid: 54813f37ea84a0e408530cae66b32915, type: 3}
  - {fileID: 21300000, guid: 878644d6755f5e24faa46343b306a50f, type: 3}
  - {fileID: 21300000, guid: 082eaf834a996f342b65394728851067, type: 3}
  - {fileID: 21300000, guid: a5a468e3d0ac2f945aa40772920063cc, type: 3}
  - {fileID: 21300000, guid: b5f6b8d02166ba841bca3dbd5de0e587, type: 3}
  - {fileID: 21300000, guid: 2d35009182688a445bfc3570ff13df7e, type: 3}
  - {fileID: 21300000, guid: 49f5c2eaf8be97b4eafca8fea1d93a79, type: 3}
  - {fileID: 21300000, guid: 45bd738b31de74448a19f6245eb910f5, type: 3}
  - {fileID: 21300000, guid: 775bf8bf136c28d4589270b666d1e12f, type: 3}
  nextEffect: {fileID: 0}
  fps: 24
  destroy: 0
  repeatTimes: 0
  loop: 0
  playOnAwake: 0
  random: 0
  shake: 0
  source: {fileID: 0}
  randomClip: 0
  clips: []
  randomPitch: 0
  pitch: {x: 0, y: 0}
--- !u!1 &7522777717408581877
GameObject:
  m_ObjectHideFlags: 0
  m_CorrespondingSourceObject: {fileID: 0}
  m_PrefabInstance: {fileID: 0}
  m_PrefabAsset: {fileID: 0}
  serializedVersion: 6
  m_Component:
  - component: {fileID: 7522777717408581875}
  - component: {fileID: 7522777717408581876}
  - component: {fileID: 1497506720428044534}
  m_Layer: 0
  m_Name: Rock_Base
  m_TagString: Untagged
  m_Icon: {fileID: 0}
  m_NavMeshLayer: 0
  m_StaticEditorFlags: 0
  m_IsActive: 1
--- !u!4 &7522777717408581875
Transform:
  m_ObjectHideFlags: 0
  m_CorrespondingSourceObject: {fileID: 0}
  m_PrefabInstance: {fileID: 0}
  m_PrefabAsset: {fileID: 0}
  m_GameObject: {fileID: 7522777717408581877}
  m_LocalRotation: {x: 0, y: 0, z: 0, w: 1}
  m_LocalPosition: {x: 0, y: 0, z: 0}
  m_LocalScale: {x: 0.19, y: 0.19, z: 0.19}
  m_Children:
  - {fileID: 2092014647427916762}
  - {fileID: 6183965617350736086}
  - {fileID: 495787590207012514}
  m_Father: {fileID: 0}
  m_RootOrder: 0
  m_LocalEulerAnglesHint: {x: 0, y: 0, z: 0}
--- !u!212 &7522777717408581876
SpriteRenderer:
  m_ObjectHideFlags: 0
  m_CorrespondingSourceObject: {fileID: 0}
  m_PrefabInstance: {fileID: 0}
  m_PrefabAsset: {fileID: 0}
  m_GameObject: {fileID: 7522777717408581877}
  m_Enabled: 1
  m_CastShadows: 0
  m_ReceiveShadows: 0
  m_DynamicOccludee: 1
  m_MotionVectors: 1
  m_LightProbeUsage: 1
  m_ReflectionProbeUsage: 1
  m_RenderingLayerMask: 1
  m_RendererPriority: 0
  m_Materials:
  - {fileID: 10754, guid: 0000000000000000f000000000000000, type: 0}
  m_StaticBatchInfo:
    firstSubMesh: 0
    subMeshCount: 0
  m_StaticBatchRoot: {fileID: 0}
  m_ProbeAnchor: {fileID: 0}
  m_LightProbeVolumeOverride: {fileID: 0}
  m_ScaleInLightmap: 1
  m_PreserveUVs: 0
  m_IgnoreNormalsForChartDetection: 0
  m_ImportantGI: 0
  m_StitchLightmapSeams: 0
  m_SelectedEditorRenderState: 0
  m_MinimumChartSize: 4
  m_AutoUVMaxDistance: 0.5
  m_AutoUVMaxAngle: 89
  m_LightmapParameters: {fileID: 0}
  m_SortingLayerID: 0
  m_SortingLayer: 0
  m_SortingOrder: 3
  m_Sprite: {fileID: 21300000, guid: 7bf568cbbb9df9d45bcee06c7d1db9ff, type: 3}
  m_Color: {r: 1, g: 1, b: 1, a: 1}
  m_FlipX: 0
  m_FlipY: 0
  m_DrawMode: 0
  m_Size: {x: 10.24, y: 10.24}
  m_AdaptiveModeThreshold: 0.5
  m_SpriteTileMode: 0
  m_WasSpriteAssigned: 1
  m_MaskInteraction: 0
  m_SpriteSortPoint: 0
--- !u!114 &1497506720428044534
MonoBehaviour:
  m_ObjectHideFlags: 0
  m_CorrespondingSourceObject: {fileID: 0}
  m_PrefabInstance: {fileID: 0}
  m_PrefabAsset: {fileID: 0}
  m_GameObject: {fileID: 7522777717408581877}
  m_Enabled: 1
  m_EditorHideFlags: 0
  m_Script: {fileID: 11500000, guid: 8191e6c9cc1c0a04382a07d430edab05, type: 3}
  m_Name: 
  m_EditorClassIdentifier: 
  spriteRenderer: {fileID: 7522777717408581876}
  sprites:
  - {fileID: 21300000, guid: 7bf568cbbb9df9d45bcee06c7d1db9ff, type: 3}
  - {fileID: 21300000, guid: 610d8f116e2140b4d8c352f75cbfa93a, type: 3}
  - {fileID: 21300000, guid: 0e5ef755d17e68f4c900305eba1a2f8b, type: 3}
  effects:
  - {fileID: 1364372749211188876}
  - {fileID: 435107378920718678}
