%YAML 1.1
%TAG !u! tag:unity3d.com,2011:
--- !u!1 &1763405518778209314
GameObject:
  m_ObjectHideFlags: 0
  m_CorrespondingSourceObject: {fileID: 0}
  m_PrefabInstance: {fileID: 0}
  m_PrefabAsset: {fileID: 0}
  serializedVersion: 6
  m_Component:
  - component: {fileID: 6518400767783237919}
  - component: {fileID: 3954672463546551645}
  - component: {fileID: 8745965404382504839}
  - component: {fileID: 3724406141660594790}
  m_Layer: 0
  m_Name: BossDeathLiquid
  m_TagString: Untagged
  m_Icon: {fileID: 0}
  m_NavMeshLayer: 0
  m_StaticEditorFlags: 0
  m_IsActive: 1
--- !u!4 &6518400767783237919
Transform:
  m_ObjectHideFlags: 0
  m_CorrespondingSourceObject: {fileID: 0}
  m_PrefabInstance: {fileID: 0}
  m_PrefabAsset: {fileID: 0}
  m_GameObject: {fileID: 1763405518778209314}
  m_LocalRotation: {x: 0, y: 0, z: 0, w: 1}
  m_LocalPosition: {x: 0, y: 2.454, z: 0.072753906}
  m_LocalScale: {x: 1, y: 1, z: 1}
  m_Children: []
  m_Father: {fileID: 0}
  m_RootOrder: 0
  m_LocalEulerAnglesHint: {x: 0, y: 0, z: 0}
--- !u!212 &3954672463546551645
SpriteRenderer:
  m_ObjectHideFlags: 0
  m_CorrespondingSourceObject: {fileID: 0}
  m_PrefabInstance: {fileID: 0}
  m_PrefabAsset: {fileID: 0}
  m_GameObject: {fileID: 1763405518778209314}
  m_Enabled: 0
  m_CastShadows: 0
  m_ReceiveShadows: 0
  m_DynamicOccludee: 1
  m_MotionVectors: 1
  m_LightProbeUsage: 1
  m_ReflectionProbeUsage: 1
  m_RenderingLayerMask: 1
  m_RendererPriority: 0
  m_Materials:
  - {fileID: 10754, guid: 0000000000000000f000000000000000, type: 0}
  m_StaticBatchInfo:
    firstSubMesh: 0
    subMeshCount: 0
  m_StaticBatchRoot: {fileID: 0}
  m_ProbeAnchor: {fileID: 0}
  m_LightProbeVolumeOverride: {fileID: 0}
  m_ScaleInLightmap: 1
  m_PreserveUVs: 0
  m_IgnoreNormalsForChartDetection: 0
  m_ImportantGI: 0
  m_StitchLightmapSeams: 0
  m_SelectedEditorRenderState: 0
  m_MinimumChartSize: 4
  m_AutoUVMaxDistance: 0.5
  m_AutoUVMaxAngle: 89
  m_LightmapParameters: {fileID: 0}
  m_SortingLayerID: -1821148843
  m_SortingLayer: 1
  m_SortingOrder: 7
  m_Sprite: {fileID: 21300000, guid: 3f45177351ba62a438ee34d6135463ea, type: 3}
  m_Color: {r: 1, g: 1, b: 1, a: 1}
  m_FlipX: 0
  m_FlipY: 0
  m_DrawMode: 0
  m_Size: {x: 2.56, y: 2.56}
  m_AdaptiveModeThreshold: 0.5
  m_SpriteTileMode: 0
  m_WasSpriteAssigned: 1
  m_MaskInteraction: 0
  m_SpriteSortPoint: 0
--- !u!114 &8745965404382504839
MonoBehaviour:
  m_ObjectHideFlags: 0
  m_CorrespondingSourceObject: {fileID: 0}
  m_PrefabInstance: {fileID: 0}
  m_PrefabAsset: {fileID: 0}
  m_GameObject: {fileID: 1763405518778209314}
  m_Enabled: 1
  m_EditorHideFlags: 0
  m_Script: {fileID: 11500000, guid: 9ceb9432a7d3b1a4a88284e94dcafa6b, type: 3}
  m_Name: 
  m_EditorClassIdentifier: 
  spriteRenderer: {fileID: 3954672463546551645}
  sprites:
  - {fileID: 21300000, guid: 488a032f539ae964d9e7de66a0924c0a, type: 3}
  - {fileID: 21300000, guid: 678713496b507f64ba80a657bf645811, type: 3}
  - {fileID: 21300000, guid: dc3e583e51badfd468d4b5761d56105e, type: 3}
  - {fileID: 21300000, guid: b68df5ea76c8507428159ee749367bbd, type: 3}
  - {fileID: 21300000, guid: a5f8a0c935d6cb744b9203585448c83d, type: 3}
  - {fileID: 21300000, guid: 02c5ca14d1272a545830bc4c49cdf177, type: 3}
  - {fileID: 21300000, guid: 3f45177351ba62a438ee34d6135463ea, type: 3}
  - {fileID: 21300000, guid: 9404423cb2ac66247b53529337ab4a02, type: 3}
  - {fileID: 21300000, guid: 75a8a9765ae35054d9726e19e3856b96, type: 3}
  - {fileID: 21300000, guid: c63a4a0b853bab242a8563d96a8b8b71, type: 3}
  - {fileID: 21300000, guid: 89f0197f6669bd34bbb6a1bd95b6edee, type: 3}
  - {fileID: 21300000, guid: e12cf1fc41e377b49b03f82fc9206bab, type: 3}
  - {fileID: 21300000, guid: d91e6b70a08b68b408bbda492331d9da, type: 3}
  - {fileID: 21300000, guid: 4a99103bc8a946f4781c4c64a1e68754, type: 3}
  - {fileID: 21300000, guid: dadd5883da7db92498298e0d00cd7877, type: 3}
  nextEffect: {fileID: 0}
  fps: 24
  destroy: 1
  repeatTimes: 0
  loop: 0
  playOnAwake: 1
  random: 0
  shake: 0
  source: {fileID: 3724406141660594790}
  randomClip: 0
  clips: []
  randomPitch: 1
  pitch: {x: 0.9, y: 1.1}
--- !u!82 &3724406141660594790
AudioSource:
  m_ObjectHideFlags: 0
  m_CorrespondingSourceObject: {fileID: 0}
  m_PrefabInstance: {fileID: 0}
  m_PrefabAsset: {fileID: 0}
  m_GameObject: {fileID: 1763405518778209314}
  m_Enabled: 1
  serializedVersion: 4
  OutputAudioMixerGroup: {fileID: 243789876148005244, guid: 0dfa59de79104084c9105eea6fa6759b,
    type: 2}
  m_audioClip: {fileID: 8300000, guid: 8623286e5a0d93a47b6cf6db5a577de1, type: 3}
  m_PlayOnAwake: 0
  m_Volume: 0.4
  m_Pitch: 1
  Loop: 0
  Mute: 0
  Spatialize: 0
  SpatializePostEffects: 0
  Priority: 128
  DopplerLevel: 1
  MinDistance: 1
  MaxDistance: 500
  Pan2D: 0
  rolloffMode: 0
  BypassEffects: 0
  BypassListenerEffects: 0
  BypassReverbZones: 0
  rolloffCustomCurve:
    serializedVersion: 2
    m_Curve:
    - serializedVersion: 3
      time: 0
      value: 1
      inSlope: 0
      outSlope: 0
      tangentMode: 0
      weightedMode: 0
      inWeight: 0.33333334
      outWeight: 0.33333334
    - serializedVersion: 3
      time: 1
      value: 0
      inSlope: 0
      outSlope: 0
      tangentMode: 0
      weightedMode: 0
      inWeight: 0.33333334
      outWeight: 0.33333334
    m_PreInfinity: 2
    m_PostInfinity: 2
    m_RotationOrder: 4
  panLevelCustomCurve:
    serializedVersion: 2
    m_Curve:
    - serializedVersion: 3
      time: 0
      value: 0
      inSlope: 0
      outSlope: 0
      tangentMode: 0
      weightedMode: 0
      inWeight: 0.33333334
      outWeight: 0.33333334
    m_PreInfinity: 2
    m_PostInfinity: 2
    m_RotationOrder: 4
  spreadCustomCurve:
    serializedVersion: 2
    m_Curve:
    - serializedVersion: 3
      time: 0
      value: 0
      inSlope: 0
      outSlope: 0
      tangentMode: 0
      weightedMode: 0
      inWeight: 0.33333334
      outWeight: 0.33333334
    m_PreInfinity: 2
    m_PostInfinity: 2
    m_RotationOrder: 4
  reverbZoneMixCustomCurve:
    serializedVersion: 2
    m_Curve:
    - serializedVersion: 3
      time: 0
      value: 1
      inSlope: 0
      outSlope: 0
      tangentMode: 0
      weightedMode: 0
      inWeight: 0.33333334
      outWeight: 0.33333334
    m_PreInfinity: 2
    m_PostInfinity: 2
    m_RotationOrder: 4
